% How to use:
% https://texblog.org/2014/04/22/using-google-scholar-to-download-bibtex-citations/

@inproceedings{popescu2003towards,
  title={Towards a theory of natural language interfaces to databases},
  author={Popescu, Ana-Maria and Etzioni, Oren and Kautz, Henry},
  booktitle={Proceedings of the 8th international conference on Intelligent user interfaces},
  pages={149--157},
  year={2003},
  organization={ACM}
}

@misc{spacy,
  title={spaCy - Industrial-strength Natural Language Processing in Python}, url={https://spacy.io/},
  journal={Industrial-strength Natural Language Processing in Python}
} 

@article{luong2015effective,
  title={Effective approaches to attention-based neural machine translation},
  author={Luong, Minh-Thang and Pham, Hieu and Manning, Christopher D},
  journal={arXiv preprint arXiv:1508.04025},
  year={2015}
}